<record><leader>00000cas a2200000 a 4500</leader><controlfield tag="001">15114523</controlfield><controlfield tag="008">870126c19869999lauwr ne      0   a0eng d</controlfield><datafield ind1=" " ind2=" " tag="010"><subfield code="a">sn 87002586 </subfield></datafield><datafield ind1=" " ind2=" " tag="040"><subfield code="a">LNU</subfield><subfield code="b">eng</subfield><subfield code="c">LNU</subfield><subfield code="d">NSD</subfield><subfield code="d">LNP</subfield><subfield code="d">OCL</subfield><subfield code="d">OCLCQ</subfield><subfield code="d">ZAD</subfield><subfield code="d">OCLCF</subfield></datafield><datafield ind1=" " ind2=" " tag="012"><subfield code="m">1</subfield></datafield><datafield ind1="1" ind2=" " tag="022"><subfield code="a">0895-2132</subfield><subfield code="l">0895-2132</subfield><subfield code="2">1</subfield></datafield><datafield ind1="1" ind2=" " tag="029"><subfield code="a">AU@</subfield><subfield code="b">000020481793</subfield></datafield><datafield ind1=" " ind2=" " tag="032"><subfield code="a">273940</subfield><subfield code="b">USPS</subfield></datafield><datafield ind1=" " ind2=" " tag="042"><subfield code="a">nsdp</subfield></datafield><datafield ind1=" " ind2=" " tag="043"><subfield code="a">n-us-la</subfield></datafield><datafield ind1=" " ind2="0" tag="222"><subfield code="a">Jefferson Parish times &amp; Democrat/Kenner city news</subfield></datafield><datafield ind1="0" ind2="0" tag="245"><subfield code="a">Jefferson Parish times &amp; Democrat/Kenner city news.</subfield></datafield><datafield ind1="3" ind2="0" tag="246"><subfield code="a">Jefferson Parish times and Democrat/Kenner city news</subfield></datafield><datafield ind1="3" ind2="0" tag="246"><subfield code="a">Jefferson Parish times &amp; Democrat</subfield></datafield><datafield ind1="3" ind2="0" tag="246"><subfield code="a">Kenner city news</subfield></datafield><datafield ind1=" " ind2=" " tag="260"><subfield code="a">Gretna, La. :</subfield><subfield code="b">MCP Publications,</subfield><subfield code="c">1986-</subfield></datafield><datafield ind1=" " ind2=" " tag="300"><subfield code="a">v. :</subfield><subfield code="b">ill. ;</subfield><subfield code="c">35 cm.</subfield></datafield><datafield ind1=" " ind2=" " tag="310"><subfield code="a">Weekly</subfield></datafield><datafield ind1="0" ind2=" " tag="362"><subfield code="a">Vol. 44, no. 46 (Nov. 13, 1986)-</subfield></datafield><datafield ind1=" " ind2=" " tag="500"><subfield code="a">Title varies slightly: Jefferson Parish times &amp; Democrat, Feb. 1, 1990-</subfield></datafield><datafield ind1=" " ind2=" " tag="500"><subfield code="a">Published in Metaire, Jan. 25, 1990-July 16, 1992; New Orleans, July 23, 1992-</subfield></datafield><datafield ind1=" " ind2=" " tag="588"><subfield code="a">Latest issue consulted: Vol. 45, no. 21 (May 28, 1987).</subfield></datafield><datafield ind1=" " ind2="0" tag="651"><subfield code="a">Gretna (La.)</subfield><subfield code="v">Newspapers.</subfield></datafield><datafield ind1=" " ind2="0" tag="651"><subfield code="a">Kenner (La.)</subfield><subfield code="v">Newspapers.</subfield></datafield><datafield ind1=" " ind2="0" tag="651"><subfield code="a">Metairie (La.)</subfield><subfield code="v">Newspapers.</subfield></datafield><datafield ind1=" " ind2="0" tag="651"><subfield code="a">New Orleans (La.)</subfield><subfield code="v">Newspapers.</subfield></datafield><datafield ind1=" " ind2="7" tag="655"><subfield code="a">Newspapers.</subfield><subfield code="2">fast</subfield><subfield code="0">(OCoLC)fst01423814</subfield></datafield><datafield ind1=" " ind2="7" tag="651"><subfield code="a">Louisiana</subfield><subfield code="z">Gretna.</subfield><subfield code="2">fast</subfield><subfield code="0">(OCoLC)fst01228799</subfield></datafield><datafield ind1=" " ind2="7" tag="651"><subfield code="a">Louisiana</subfield><subfield code="z">Kenner.</subfield><subfield code="2">fast</subfield><subfield code="0">(OCoLC)fst01215248</subfield></datafield><datafield ind1=" " ind2="7" tag="651"><subfield code="a">Louisiana</subfield><subfield code="z">Metairie.</subfield><subfield code="2">fast</subfield><subfield code="0">(OCoLC)fst01231208</subfield></datafield><datafield ind1=" " ind2="7" tag="651"><subfield code="a">Louisiana</subfield><subfield code="z">New Orleans.</subfield><subfield code="2">fast</subfield><subfield code="0">(OCoLC)fst01204311</subfield></datafield><datafield ind1=" " ind2=" " tag="752"><subfield code="a">United States</subfield><subfield code="b">Louisiana</subfield><subfield code="c">Jefferson</subfield><subfield code="d">Gretna.</subfield></datafield><datafield ind1=" " ind2=" " tag="752"><subfield code="a">United States</subfield><subfield code="b">Louisiana</subfield><subfield code="c">Jefferson</subfield><subfield code="d">Kenner.</subfield></datafield><datafield ind1=" " ind2=" " tag="752"><subfield code="a">United States</subfield><subfield code="b">Louisiana</subfield><subfield code="c">Jefferson</subfield><subfield code="d">Metaire.</subfield></datafield><datafield ind1=" " ind2=" " tag="752"><subfield code="a">United States</subfield><subfield code="b">Louisiana</subfield><subfield code="c">Jefferson</subfield><subfield code="d">New Orleans.</subfield></datafield><datafield ind1="0" ind2="4" tag="780"><subfield code="t">Jefferson business Jefferson Parish times The Jefferson Democrat</subfield><subfield code="x">0744-9402</subfield><subfield code="w">(DLC)sn 82005874</subfield></datafield><datafield ind1="0" ind2="4" tag="780"><subfield code="t">City news (Kenner, La.)</subfield><subfield code="x">0887-4344</subfield><subfield code="w">(DLC)sn 86014788</subfield></datafield><datafield ind1="0" ind2="5" tag="780"><subfield code="t">West Bank guide</subfield><subfield code="g">July 6, 1989</subfield><subfield code="w">(DLC)sn 88064234</subfield></datafield></record>